@article{
	2018-TOG-deepMimic,
	author = {Peng, Xue Bin and Abbeel, Pieter and Levine, Sergey and van de Panne, Michiel},
	title = {DeepMimic: Example-guided Deep Reinforcement Learning of Physics-based Character Skills},
	journal = {ACM Trans. Graph.},
	issue_date = {August 2018},
	volume = {37},
	number = {4},
	month = jul,
	year = {2018},
	issn = {0730-0301},
	pages = {143:1--143:14},
	articleno = {143},
	numpages = {14},
	url = {http://doi.acm.org/10.1145/3197517.3201311},
	doi = {10.1145/3197517.3201311},
	acmid = {3201311},
	publisher = {ACM},
	address = {New York, NY, USA},
	keywords = {motion control, physics-based character animation, reinforcement learning},
} 

@article{
 	sanders_lobb_riddle_2003, 
 	title={Evolving controllers for virtual creature locomotion}, 
 	url={https://dl.acm.org/doi/10.1145/604471.604522#sec-cit}, 
 	DOI={10.1145/604471.604522}, 
 	journal={Proceedings of the 1st international conference on Computer graphics and interactive techniques in Australasia and South East Asia}, 
 	author={Sanders, Michael and Lobb, Richard and Riddle, Patricia}, 
 	year={2003}
} 

@article{
	maroti_2019_rbed,
    title={RBED: Reward Based Epsilon Decay}, 
	url={https://arxiv.org/abs/1910.13701}, 
    author={Aakash Maroti},
    year={2019},
    eprint={1910.13701},
    archivePrefix={arXiv},
    primaryClass={cs.AI}
}
